@misc{nektar-website,
    title={Nektar++: Spectral/hp element framework},
    url={http://www.nektar.info},
    year={2014}
}

@book{KaSh05,
title={Spectral/hp Element Methods for Computational Fluid Dynamics},
author={Karniadakis, G. E. and Sherwin, S. J.},
publisher={Oxford Science Publications},
year={2005}
}

@article{Bu06,
title={General linear methods},
author={Butcher, J. C.},
journal={Acta Numerica},
volume={15},
pages={157-256}
}

@article{VoEsBoChKi11,
title={A generic framework for time-stepping partial differential equations (PDEs):
general linear methods, object-oriented implementation and application to fluid
problems},
author={Vos, P. E. J. and Eskilsson, C. and Bolis, A. and Chun, S. and Kirby, R. M.
and Sherwin, S. J.},
journal={International Journal of Computational Fluid Dynamics},
volume={25},
issue={3},
pages={107-125},
year={2011}
}
