@inbook{MenDeG14,
	Annote = {doi:10.2514/6.2014-2923},
	Author = {Gianmarco Mengaldo and Daniele De Grazia and Freddie Witherden and Antony Farrington and Peter Vincent and Spencer Sherwin and Joaquim Peiro},
	Booktitle = {7th AIAA Theoretical Fluid Mechanics Conference},
	Date-Added = {2014-08-10 14:59:03 +0000},
	Date-Modified = {2014-08-10 14:59:20 +0000},
	Doi = {doi:10.2514/6.2014-2923},
	M1 = {0},
	M3 = {doi:10.2514/6.2014-2923},
	Month = {2014/08/10},
	Publisher = {American Institute of Aeronautics and Astronautics},
	Title = {A Guide to the Implementation of Boundary Conditions in Compact High-Order Methods for Compressible Aerodynamics},
	Title1 = {AIAA Aviation},
	Ty = {CHAP},
	Url = {http://dx.doi.org/10.2514/6.2014-2923},
	Year = {2014},
	Year1 = {2014/06/13},
	Bdsk-Url-1 = {http://dx.doi.org/10.2514/6.2014-2923}}

@article{DeGMen14,
	Author = {De Grazia, D. and Mengaldo, G. and Moxey, D. and Vincent, P. E. and Sherwin, S. J.},
	Date-Added = {2014-08-10 14:57:35 +0000},
	Date-Modified = {2014-08-10 14:58:04 +0000},
	Doi = {10.1002/fld.3915},
	Issn = {1097-0363},
	Journal = {International Journal for Numerical Methods in Fluids},
	Keywords = {flux reconstruction, spectral/hp element methods, discontinuous Galerkin, tensor-product grids, collocation},
	Number = {12},
	Pages = {860--877},
	Title = {Connections between the discontinuous Galerkin method and high-order flux reconstruction schemes},
	Url = {http://dx.doi.org/10.1002/fld.3915},
	Volume = {75},
	Year = {2014},
	Bdsk-Url-1 = {http://dx.doi.org/10.1002/fld.3915}}

@book{Toro09,
	Author = {E.F. Toro},
	Date-Added = {2014-08-10 14:25:57 +0000},
	Date-Modified = {2014-08-10 14:28:06 +0000},
	Publisher = {Springer},
	Title = {Riemann Solvers and Numerical methods for Fluid Dynamics, 3rd edition},
	Year = {2009}}

@misc{nektar-website,
	Title = {Nektar++: Spectral/hp element framework},
	Url = {http://www.nektar.info},
	Year = 2014,
	Bdsk-Url-1 = {http://www.nektar.info}}

@article{VoShKi10,
	Author = {Vos, Peter EJ and Sherwin, Spencer J and Kirby, Robert M},
	Journal = {Journal of Computational Physics},
	Number = 13,
	Pages = {5161--5181},
	Publisher = {Elsevier},
	Title = {From h to p efficiently: Implementing finite and spectral/hp element methods to achieve optimal performance for low-and high-order discretisations},
	Volume = 229,
	Year = 2010}

@article{CaShKiKe11b,
	Author = {Cantwell, C. D. and Sherwin, S. J. and Kirby, R. M. and Kelly, P. H. J.},
	Issue = 3,
	Journal = {Math. Mod. Nat. Phenom.},
	Pages = {84--96},
	Title = {From h to p efficiently: selecting the optimal spectral/hp discretisation in three dimensions},
	Volume = 6,
	Year = 2011}

@article{CaShKiKe11a,
	Author = {Cantwell, C. D. and Sherwin, S. J. and Kirby, R. M. and Kelly, P. H. J.},
	Journal = {Computers \& Fluids},
	Pages = {23--28},
	Title = {From h to p efficiently: strategy selection for operator evaluation on hexahedral and tetrahedral elements.},
	Volume = {43},
	Year = {2011}}

@article{AlPa96,
    author = {R. R. Aliev and A. V. Panfilov},
    title = {A simple two-variable model of cardiac excitation},
    journal = {Chaos, Solitons \& Fractals},
    volume = {7},
    issue = {3},
    pages = {293-301},
    year = {1996},
}
    
@article{CoRaNa98,
    author = {M. Courtemanche\, R. J. Ramirez and S. Nattel},
    title = {Ionic mechanisms underlying human atrial action potential properties: insights from a mathematical model},
    journal = {American Journal of Physiology-Heart and Circulatory Physiology},
    volume = {275},
    issue = {1},
    pages = {H301-H321},
    year = {1998},
}

@article{LuRu91,
    author = {C. H. Luo and Y. Rudy},
    title = {A model of the ventricular cardiac action potential. Depolarization\, repolarization\, and their interaction},
    journal = {Circulation research},
    volume = {68},
    issue = {6},
    pages = {1501-1526},
    year = {1991},
}
    
@article{TuPa06,
    author = {K. H. W. J. ten Tusscher and A. V. Panfilov},
    title = {Alternans and spiral breakup in a human ventricular tissue model},
    journal = {American Journal of Physiology-Heart and Circulatory Physiology},
    volume = {291},
    issue = {3},
    pages = {H1088-H1100},
    year = {2006},
}

@article{NiKeBeBeBe11,
    author = {Niederer ''et al.''},
    title = {Verification of cardiac tissue electrophysiology simulators using an N-version benchmark},
    journal = {Philos Transact A Math Phys Eng Sci},
    volume = {369},
    issue = {1954},
    pages = {4331-51},
    year = {2011},
    }
    
@article{ShKa96,
  title={Tetrahedral< i> hp</i> Finite Elements: Algorithms and Flow Simulations},
  author={Sherwin, SJ and Karniadakis, G Em},
  journal={Journal of Computational Physics},
  volume={124},
  number={1},
  pages={14--45},
  year={1996},
  publisher={Elsevier}
}

@article{HeWa02,
  title={Nodal high-order methods on unstructured grids: I. Time-domain solution of Maxwell's equations},
  author={Hesthaven, Jan S and Warburton, Tim},
  journal={Journal of Computational Physics},
  volume={181},
  number={1},
  pages={186--221},
  year={2002},
  publisher={Elsevier}
}

@article{BeReCoLeHi09,
  title={High-order discontinuous Galerkin schemes on general 2D manifolds applied to the shallow water equations},
  author={Bernard, P-E and Remacle, J-F and Comblen, Richard and Legat, Vincent and Hillewaert, Koen},
  journal={Journal of Computational Physics},
  volume={228},
  number={17},
  pages={6514--6535},
  year={2009},
  publisher={Elsevier}
}

@book{ZiTa89,
  title={Basic formulation and linear problems},
  author={Zienkiewicz, Olgierd Cecil and Taylor, Robert Leroy},
  year={1989},
  publisher={McGraw-Hill}
}

@book{GoOr77,
  title={Numerical analysis of spectral methods},
  author={Gottlieb, David and Orszag, Steven A and MA, CAMBRIDGE HYDRODYNAMICS INC},
  year={1977},
  publisher={SIAM}
}

@article{BaSu94,
  title={The p and h-p versions of the finite element method, basic principles and properties},
  author={Babu{\v{s}}ka, Ivo and Suri, Manil},
  journal={SIAM review},
  volume={36},
  number={4},
  pages={578--632},
  year={1994},
  publisher={SIAM}
}

@article{Pa84,
  title={A spectral element method for fluid dynamics: laminar flow in a channel expansion},
  author={Patera, Anthony T},
  journal={Journal of computational Physics},
  volume={54},
  number={3},
  pages={468--488},
  year={1984},
  publisher={Elsevier}
}

@article{DoFf83,
    author={Dowling, AP and Ffowcs-Williams JE},
    title={Sound and sources of sound},
    journal={Ellis Horwood series in engineering science},
    year=1983
}

@article{ShFoPeFr03,
    author={Sherwin, SJ and Formaggia, L and Peir√≥, J and Franke, V},
    title={Computational modelling of 1D blood flow with variable
mechanical properties and its application to the simulation of wave propagation
in the human arterial system},
    journal={Int. J. Numer. Meth. Fluids},
    volume={43},
    pages={673-700},
    year={2003}
}

@article{JoCoSh14,
    author={Jordi, B. E. and Cotter, C. J. and Sherwin, S. J.},
    title={Encapsulated formulation of the selective frequency damping method},
    journal={Phys. Fluids},
    year={2014}
}

@article{MoHaPeSh14,
  title        = {{An isoparametric approach to high-order curvilinear
                  boundary-layer meshing}},
  author       = {Moxey, D. and Hazan, M. and Peir\'o, J. and Sherwin, S. J.},
  year         = 2014,
  doi          = {10.1016/j.cma.2014.09.019},
  journal      = {Comp. Meth. Appl. Mech. Eng.}
}

@unpublished{MoHaPeSh14b,
  title        = {{On the generation of curvilinear meshes through subdivision
                  of isoparametric elements}},
  author       = "D. Moxey and M. Hazan and J. Peir\'o and S. J. Sherwin",
  note         = "to appear in proceedings of Tetrahedron IV",
  year         = 2014
}

@article{We69,
    author={Westerhof, N},
    title={Anatomic studies of the human systemic arterial tree},
    journal={J. Biomech.},
    volume={2},
    pages={121-143},
    year={1969}
}

@thesis{Ro12,
    author={Roth, CJ},
    title={Pulse Wave Propagation in the Human Vascular System},
    type={Diploma Thesis},
    year={2012}
}

@thesis{Pi12,
    author={Pignier, N},
    title={One-dimensional modelling of blood flow in the cardiovascular system},
    type={MSc Project},
    year={2012}
}